
@article{alsing2019,
  title = {{{SPECULATOR}}: {{Emulating}} Stellar Population Synthesis for Fast and Accurate Galaxy Spectra and Photometry},
  shorttitle = {{{SPECULATOR}}},
  author = {Alsing, Justin and Peiris, Hiranya and Leja, Joel and Hahn, ChangHoon and Tojeiro, Rita and Mortlock, Daniel and Leistedt, Boris and Johnson, Benjamin D. and Conroy, Charlie},
  year = {2019},
  month = nov,
  archivePrefix = {arXiv},
  eprint = {1911.11778},
  eprinttype = {arxiv},
  file = {/Users/ChangHoon/Zotero/storage/KKTTIMK4/Alsing et al. - 2019 - SPECULATOR Emulating stellar population synthesis.pdf;/Users/ChangHoon/Zotero/storage/Q2ERMQZV/1911.html},
  journal = {arXiv:1911.11778 [astro-ph]},
  keywords = {Astrophysics - Astrophysics of Galaxies,Astrophysics - Instrumentation and Methods for Astrophysics},
  primaryClass = {astro-ph}
}

@article{dey2019,
  title = {Overview of the {{DESI Legacy Imaging Surveys}}},
  author = {Dey, Arjun and Schlegel, David J. and Lang, Dustin and Blum, Robert and Burleigh, Kaylan and Fan, Xiaohui and Findlay, Joseph R. and Finkbeiner, Doug and Herrera, David and Juneau, St{\'e}phanie and Landriau, Martin and Levi, Michael and McGreer, Ian and Meisner, Aaron and Myers, Adam D. and Moustakas, John and Nugent, Peter and Patej, Anna and Schlafly, Edward F. and Walker, Alistair R. and Valdes, Francisco and Weaver, Benjamin A. and Y{\`e}che, Christophe and Zou, Hu and Zhou, Xu and Abareshi, Behzad and Abbott, T. M. C. and Abolfathi, Bela and Aguilera, C. and Alam, Shadab and Allen, Lori and Alvarez, A. and Annis, James and Ansarinejad, Behzad and Aubert, Marie and Beechert, Jacqueline and Bell, Eric F. and BenZvi, Segev Y. and Beutler, Florian and Bielby, Richard M. and Bolton, Adam S. and Brice{\~n}o, C{\'e}sar and {Buckley-Geer}, Elizabeth J. and Butler, Karen and Calamida, Annalisa and Carlberg, Raymond G. and Carter, Paul and Casas, Ricard and Castander, Francisco J. and Choi, Yumi and Comparat, Johan and Cukanovaite, Elena and Delubac, Timoth{\'e}e and DeVries, Kaitlin and Dey, Sharmila and Dhungana, Govinda and Dickinson, Mark and Ding, Zhejie and Donaldson, John B. and Duan, Yutong and Duckworth, Christopher J. and Eftekharzadeh, Sarah and Eisenstein, Daniel J. and Etourneau, Thomas and Fagrelius, Parker A. and Farihi, Jay and Fitzpatrick, Mike and {Font-Ribera}, Andreu and Fulmer, Leah and G{\"a}nsicke, Boris T. and Gaztanaga, Enrique and George, Koshy and Gerdes, David W. and Gontcho, Satya Gontcho A. and Gorgoni, Claudio and Green, Gregory and Guy, Julien and Harmer, Diane and Hernandez, M. and Honscheid, Klaus and Huang, Lijuan Wendy and James, David J. and Jannuzi, Buell T. and Jiang, Linhua and Joyce, Richard and Karcher, Armin and Karkar, Sonia and Kehoe, Robert and Kneib, Jean-Paul and {Kueter-Young}, Andrea and Lan, Ting-Wen and Lauer, Tod R. and Le Guillou, Laurent and Le Van Suu, Auguste and Lee, Jae Hyeon and Lesser, Michael and Perreault Levasseur, Laurence and Li, Ting S. and Mann, Justin L. and Marshall, Robert and {Mart{\'i}nez-V{\'a}zquez}, C. E. and Martini, Paul and {du Mas des Bourboux}, H{\'e}lion and McManus, Sean and Meier, Tobias Gabriel and M{\'e}nard, Brice and Metcalfe, Nigel and {Mu{\~n}oz-Guti{\'e}rrez}, Andrea and Najita, Joan and Napier, Kevin and Narayan, Gautham and Newman, Jeffrey A. and Nie, Jundan and Nord, Brian and Norman, Dara J. and Olsen, Knut A. G. and Paat, Anthony and {Palanque-Delabrouille}, Nathalie and Peng, Xiyan and Poppett, Claire L. and Poremba, Megan R. and Prakash, Abhishek and Rabinowitz, David and Raichoor, Anand and Rezaie, Mehdi and Robertson, A. N. and Roe, Natalie A. and Ross, Ashley J. and Ross, Nicholas P. and Rudnick, Gregory and Safonova, Sasha and Saha, Abhijit and S{\'a}nchez, F. Javier and Savary, Elodie and Schweiker, Heidi and Scott, Adam and Seo, Hee-Jong and Shan, Huanyuan and Silva, David R. and Slepian, Zachary and Soto, Christian and Sprayberry, David and Staten, Ryan and Stillman, Coley M. and Stupak, Robert J. and Summers, David L. and Sien Tie, Suk and Tirado, H. and {Vargas-Maga{\~n}a}, Mariana and Vivas, A. Katherina and Wechsler, Risa H. and Williams, Doug and Yang, Jinyi and Yang, Qian and Yapici, Tolga and Zaritsky, Dennis and Zenteno, A. and Zhang, Kai and Zhang, Tianmeng and Zhou, Rongpu and Zhou, Zhimin},
  year = {2019},
  month = may,
  volume = {157},
  pages = {168},
  issn = {0004-6256},
  doi = {10.3847/1538-3881/ab089d},
  file = {/Users/ChangHoon/Zotero/storage/2THMKLGE/Dey et al. - 2019 - Overview of the DESI Legacy Imaging Surveys.pdf;/Users/ChangHoon/Zotero/storage/L62ZEDTJ/abstract.html},
  journal = {AJ},
  language = {en},
  number = {5}
}

@article{hogg2010a,
  title = {Inferring the {{Eccentricity Distribution}}},
  author = {Hogg, David W. and Myers, Adam D. and Bovy, Jo},
  year = {2010},
  month = dec,
  volume = {725},
  pages = {2166--2175},
  issn = {0004-637X},
  doi = {10.1088/0004-637X/725/2/2166},
  file = {/Users/ChangHoon/Zotero/storage/4FQZPRUT/Hogg et al. - 2010 - Inferring the Eccentricity Distribution.pdf},
  journal = {The Astrophysical Journal},
  keywords = {binaries: general,methods: data analysis,methods: statistical,planetary systems,planets and satellites: fundamental parameters,stars: kinematics and dynamics}
}


